<?xml version="1.0" encoding="UTF-8"?><collection xmlns="http://www.loc.gov/MARC21/slim"><record><leader>00525nam--2200169-i-4500</leader><controlfield tag="001">000014987</controlfield><controlfield tag="002">20161230</controlfield><controlfield tag="005">20170113225108</controlfield><controlfield tag="008">060222s1000------------r-----000-0-eng-d</controlfield><datafield ind1=" " ind2=" " tag="080"><subfield code="a">51-74</subfield></datafield><datafield ind1=" " ind2=" " tag="100"><subfield code="a">Angot, Andre</subfield></datafield><datafield ind1=" " ind2=" " tag="245"><subfield code="a">Complements de mathematiques a l usage des ingenieurs de l electrotechnique et des tele- communications. Preface de Louis de Broglie</subfield></datafield><datafield ind1=" " ind2=" " tag="250"><subfield code="a">troisieme edition</subfield></datafield><datafield ind1=" " ind2=" " tag="260"><subfield code="a">Paris</subfield><subfield code="b">Editions De La Revue D Optique</subfield><subfield code="c">1957</subfield></datafield><datafield ind1=" " ind2=" " tag="300"><subfield code="a">836 p</subfield></datafield><datafield ind1=" " ind2=" " tag="852"><subfield code="a">76699</subfield></datafield><datafield ind1=" " ind2=" " tag="CAT"><subfield code="a">SYS</subfield><subfield code="c">20170113</subfield><subfield code="h">225108</subfield></datafield></record></collection>